% =======================
% Article
% =======================

@article{ISMALIZA2019,
  author  = {Ismaliza Isa and Ahmad Razali Ishak and Nazri Che Dom and Zulkifli Mohamed and M. Azhan Anuar},
  title   = {{An IoT-Based Ovitrap System Applied for Aedes Mosquito Surveillance}},
  journal = {IJEAT},
  month   = {Out},
  year    = 2019
}

@article{MACKAY2013,
  author  = {Mackay and A.J.; Amador and M.; Barrera and R.},
  title   = {{An improved autocidal gravid ovitrap for the control and surveillance of Aedes aegypti}},
  journal = {Parasit Vectors},
  year    = 2013
}

@article{LOK1977,
  author  = {Lok and C.; Kiat and N.; Koh and T},
  title   = {{An autocidal ovitrap for the control and possible eradication of Aedes aegypti}},
  journal = { Southeast Asian J. Trop. Med. Publ. Health},
  pages   = {2669--2677},
  year    = 1977
}

@article{BRIANJJOHNSON2017,
  author  = {Brian J. Johnson and Scott A. Ritchie and Dina M. Fonseca},
  title   = {{The State of the Art of Lethal Oviposition Trap-Based Mass Interventions for Arboviral Control}},
  journal = {Insects},
  month   = {Jan},
  year    = 2017
}

@article{VALERIE2016,
  author  = {Valerie A. Paz-Soldan,Josh Yukich,Amara Soonthorndhada and Maziel Giron and Charles S. Apperson,
             Loganathan Ponnusamy and Coby Schal and Amy C. Morrison and Joseph Keating and and Dawn M. Wesson},
  title   = {{Design and Testing of Novel Lethal Ovitrap to Reduce Populations of Aedes Mosquitoes Community-Based Participatory Research between Industry Academia and Communities in Peru and Thailand}},
  journal = {Plos One},
  number  = 0160386,
  month   = {Aug},
  year    = 2016
}

@article{DAVIDF2011,
  author  = {David F. Hoel and Peter J. Obenauer and Marah Clark and Richard Smith and Tony H. Hughes and Ryan T. Larson and Joseph W. Diclaro and and Sandra A},
  title   = {{Efficacy of Ovitrap Colors and Patterns for Attracting Aedes albopictus at Suburban Field Sites in North-Central Florida}},
  journal = {Journal of the American Mosquito Control Association},
  year    = 2011
}

@article{ALVARO2014,
  author  = {ALVARO E. EIRAS and TAMARA S. BUHAGIAR and SCOTT A. RITCHIE},
  title   = {{Efficacy of Ovitrap Colors and Patterns for Attracting Aedes albopictus at Suburban Field Sites in North-Central Florida}},
  journal = {Journal of Medical Entomology, Volume 51, Issue 1, 1 January},
  year    = 2014
}



@article{RITCHIE2004,
  author  = {Jonathan M. Darbro and Petrina H. Johnson and Matthew B. Thomas and Scott A. Ritchie and Brian H. Kay and and Peter A. Ryan},
  title   = {{Effects of Beauveria bassiana on Survival, Blood-Feeding Success, and Fecundity of Aedes aegypti in Laboratory and Semi-Field Conditions}},
  journal = {The American journal of tropical medicine and hygiene},
  year    = 2004
}



% =======================
% Internet
% =======================
@misc{NHS_Spir,
  author        = {{NHS}},
  title         = {Spirometry},
  url           = {https://www.nhs.uk/conditions/spirometry/},
  urlaccessdate = {10/12/2018}
}

@misc{Spirometry_Guru,
  author        = {{www.spirometry.guru}},
  title         = {Measuring Methods},
  url           = {https://www.spirometry.guru/methods.html},
  urlaccessdate = {14/12/2018}
}


@misc{SFM3000,
  author        = {Sensirion},
  title         = {Mass Flow Meter SFM3000},
  url           = {https://www.sensirion.com/en/flow-sensors/mass-flow-meters-for-high-precise-measurement-of-gases/low-pressure-drop-mass-flow-meter},
  urlaccessdate = {15/12/2018}
}


@misc{PIC,
  author        = {Microchip},
  title         = {PIC18F4620},
  url           = {https://www.microchip.com/wwwpr\\oducts/en/PIC18F4620},
  urlaccessdate = {15/12/2018}
}

@misc{ESP,
  author        = {ESPRESSIF},
  title         = {ESP8266},
  url           = {https://www.espressif.com/en/products/\\hardware/esp8266ex/overview},
  urlaccessdate = {15/12/2018}
}

@misc{RAM,
  author        = {Microchip},
  title         = {23A256/23K256},
  url           = {http://ww1.microchip.com/downloads\\/en/devicedoc/22100f.pdf},
  urlaccessdate = {15/12/2018}
}

@misc{LM1117,
  author        = {Texas Instruments},
  title         = {LM1117 800-mA Low-Dropout Linear Regulator},
  url           = {http://www.ti.com/lit/ds/symlink/lm1117.pdf},
  urlaccessdate = {15/12/2018}
}

@misc{WS,
  author        = {Mozilla},
  title         = {Writing WebSocket servers},
  url           = {https://developer.mozilla.org/en-US/docs/Web/API/WebSockets\\\_API/Writing\_WebSocket\_servers},
  urlaccessdate = {15/12/2018}
}

% =======================
% Tech Report
% =======================

@techreport{JOAO_PIBIT,
  author      = {J. L. Canhoto},
  title       = {{Desenvolvimento do Software de Avaliação de Padrões Respiratórios Terapêuticos Executados no Ventilatory Pattern Trainer}},
  institution = {CNPq – UFPE},
  year        = 2017
}

@techreport{JOAO_FACEPE,
  author      = {J. L. Canhoto},
  title       = {{Relatório Final Do Bolsista No Projeto De Pesquisa: Desenvolvimento Do Ventilatory Pattern Trainer Para Diagnóstico De Alterações Do Padrão Respiratório E Terapêutica Por Meio De Reeducação Ventilatória}},
  institution = {FACEPE},
  year        = 2017
}